%% This BibTeX bibliography file was created using BibDesk.
%% http://bibdesk.sourceforge.net/


%% Created for Eduardo Kuroda at 2011-12-06 16:09:00 -0200 


%% Saved with string encoding Unicode (UTF-8) 



@inproceedings{chakoderesource,
	Author = {Chakode, R. and Yenke, B.O. and M{\'e}haut, J.F.},
	Booktitle = {Proceedings of the 1st International conference on Cloud Computing and Service Science},
	Date-Modified = {2011-12-06 16:08:13 -0200},
	Title = {Resource Management of Virtual Infrastructure for On-demand SaaS Services},
	Year = {2011}}

@article{goncalvesresource,
	Author = {Gon{\c{c}}alves, G.E. and Endo, P.T. and Damasceno, T. and Cordeiro, A.V.A.P. and Sadok, D. and Kelner, J. and Melander, B. and M{\aa}ngs, J.E.},
	Date-Modified = {2011-12-06 16:07:33 -0200},
	Journal = {Simp{\'o}sio Brasileiro de Rede de Computadores},
	Title = {Resource Allocation in Clouds: Concepts, Tools and Research Challenges},
	Year = {2011}}

@article{wu2009workflow,
	Author = {Wu, B.Y. and Chi, C.H. and Chen, Z. and Gu, M. and Sun, J.G.},
	Journal = {Future Generation Computer Systems},
	Number = {3},
	Pages = {199--212},
	Publisher = {Elsevier},
	Title = {Workflow-based resource allocation to optimize overall performance of composite services},
	Volume = {25},
	Year = {2009}}

@inproceedings{urgaonkar2010dynamic,
	Author = {Urgaonkar, R. and Kozat, U.C. and Igarashi, K. and Neely, M.J.},
	Booktitle = {Network Operations and Management Symposium (NOMS), 2010 IEEE},
	Organization = {IEEE},
	Pages = {479--486},
	Title = {Dynamic resource allocation and power management in virtualized data centers},
	Year = {2010}}

@techreport{armbrust2009above,
	    Author = {Armbrust, M. and Fox, A. and Griffith, R. and Joseph, A.D. and Katz, R.H. and Konwinski, A. and Lee, G. and Patterson, D.A. and Rabkin, A. and Stoica, I. and Zaharia, M.},
	    Title = {Above the Clouds: A Berkeley View of Cloud Computing},
	    Institution = {EECS Department, University of California, Berkeley},
	    Year = {2009},
	    Month = {Feb},
	    URL = {http://www.eecs.berkeley.edu/Pubs/TechRpts/2009/EECS-2009-28.html},
	    Number = {UCB/EECS-2009-28},
	    Abstract = {Provided certain obstacles are overcome, we believe Cloud Computing has the potential to transform a large part of the IT industry, making software even more attractive as a service and shaping the way IT hardware is designed and purchased.  Developers with innovative ideas for new interactive Internet services no longer require the large capital outlays in hardware to deploy their service or the human expense to operate it. They need not be concerned about over-provisioning for a service whose popularity does not meet their predictions, thus wasting costly resources, or under-provisioning for one that becomes wildly popular, thus missing potential customers and revenue. Moreover, companies with large batch-oriented tasks can get their results as quickly as their programs can scale, since using 1000 servers for one hour costs no more than using one server for 1000 hours. This elasticity of resources, without paying a premium for large scale, is unprecedented in the history of IT.  The economies of scale of very large-scale datacenters combined with  ``pay-as-you-go'' resource usage has heralded the rise of Cloud Computing. It is now attractive to deploy an innovative new Internet service on a third party's Internet Datacenter rather than your own infrastructure, and to gracefully scale its resources as it grows or declines in popularity and revenue. Expanding and shrinking daily in response to normal diurnal patterns could lower costs even further. Cloud Computing transfers the risks of over-provisioning or under-provisioning to the Cloud Computing provider, who mitigates that risk by statistical multiplexing over a much larger set of users and who offers relatively low prices due better utilization and from the economy of purchasing at a larger scale. We define terms, present an economic model that quantifies the key buy vs. pay-as-you-go decision, offer a spectrum to classify Cloud Computing providers, and give our view of the top 10 obstacles and opportunities to the growth of Cloud Computing.}
	}

@inproceedings{houidi2008distributed,
	Author = {Houidi, I. and Louati, W. and Zeghlache, D.},
	Booktitle = {IEEE International Conference on Communications, 2008. (ICC'08)},
	Organization = {IEEE},
	Pages = {5634--5640},
	Title = {A distributed virtual network mapping algorithm},
	Year = {2008}}

@inproceedings{van2010cost,
	Author = {Van den Bossche, R. and Vanmechelen, K. and Broeckhove, J.},
	Booktitle = {2010 IEEE 3rd International Conference on Cloud Computing},
	Organization = {Ieee},
	Pages = {228--235},
	Title = {Cost-Optimal Scheduling in Hybrid IaaS Clouds for Deadline Constrained Workloads},
	Year = {2010}}

@article{zeng2004qos,
	Author = {Zeng, L. and Benatallah, B. and Ngu, A.H.H. and Dumas, M. and Kalagnanam, J. and Chang, H.},
	Journal = {Software Engineering, IEEE Transactions on},
	Number = {5},
	Pages = {311--327},
	Publisher = {IEEE},
	Title = {QoS-aware middleware for web services composition},
	Volume = {30},
	Year = {2004}}

@inbook{papadimitriou1998combinatorial,
	Author = {Papadimitriou, C.H. and Steiglitz, K.},
	Pages = {363-366},
	Publisher = {Dover Pubns},
	Title = {Combinatorial optimization: algorithms and complexity},
	Year = {1998}}

@article{buyya2010energy,
	Author = {Buyya, R. and Beloglazov, A. and Abawajy, J.},
	Journal = {Arxiv preprint arXiv:1006.0308},
	Title = {Energy-Efficient management of data center resources for cloud computing: A vision, architectural elements, and open challenges},
	Year = {2010}}

@article{alkmimmapeamento,
	Author = {Alkmim, G.P. and Batista, D.M. and da Fonseca, N.L.S.},
	Date-Modified = {2011-12-06 16:09:00 -0200},
	Journal = {Simp{\'o}sio Brasileiro de Rede de Computadores},
	Title = {Mapeamento de Redes Virtuais em Substratos de Rede},
	Year = {2011}}

@article{lu2006efficient,
	Author = {Lu, J. and Turner, J.},
	Journal = {Washington University, USA, Tech. Rep},
	Publisher = {Citeseer},
	Title = {Efficient mapping of virtual networks onto a shared substrate},
	Year = {2006}}

@inproceedings{chowdhury2009virtual,
	Author = {Chowdhury, N.M.M.K. and Rahman, M.R. and Boutaba, R.},
	Booktitle = {INFOCOM 2009, IEEE},
	Organization = {IEEE},
	Pages = {783--791},
	Title = {Virtual network embedding with coordinated node and link mapping},
	Year = {2009}}

@article{vouk2004cloud,
	Author = {Vouk, M.A.},
	Journal = {Journal of Computing and Information Technology},
	Number = {4},
	Pages = {235--246},
	Title = {Cloud computing--Issues, research and implementations},
	Volume = {16},
	Year = {2004}}

@article{lee2010rescheduling,
	Author = {Lee, Y.C. and Zomaya, A.Y.},
	Journal = {Future Generation Computer Systems},
	Number = {8},
	Pages = {1192--1199},
	Publisher = {Elsevier},
	Title = {Rescheduling for reliable job completion with the support of clouds},
	Volume = {26},
	Year = {2010}}
    
@inproceedings{sivasubramanian2004replicating,
  title={Replicating web applications on-demand},
  author={Sivasubramanian, S. and Pierre, G. and van Steen, M.},
  booktitle={IEEE International Conference on Services Computing, 2004. (SCC 2004)},
  pages={227--236},
  year={2004},
  organization={IEEE}
}

@inproceedings{chaudhary2008comparison,
 author = {Walters, J.P. and Chaudhary, V. and Cha, M. and Jr., S.G. and Gallo, S.},
 title = {A Comparison of Virtualization Technologies for {{HPC}}},
 booktitle = {Proceedings of the 22nd International Conference on Advanced Information Networking and Applications},
 series = {AINA '08},
 year = {2008},
 isbn = {978-0-7695-3095-6},
 pages = {861--868},
 numpages = {8},
 url = {http://dx.doi.org/10.1109/AINA.2008.45},
 doi = {10.1109/AINA.2008.45},
 acmid = {1395146},
 publisher = {IEEE Computer Society},
 address = {Washington, DC, USA},
 keywords = {virtual machines, HPC},
} 


@inproceedings{ekanayake2010high,
  title={High performance parallel computing with clouds and cloud technologies},
  author={Ekanayake, J. and Fox, G.},
  booktitle={Cloud Computing},
  pages={20--38},
  year={2010},
  publisher={Springer Berlin Heidelberg}
}



@inproceedings{wang2010impact,
  title={The impact of virtualization on network performance of amazon ec2 data center},
  author={Wang, G. and Ng, T.S.E.},
  booktitle={INFOCOM, 2010 Proceedings IEEE},
  pages={1--9},
  year={2010},
  organization={IEEE}
}


@article{barham2003xen,
 author = {Barham, P. and Dragovic, B. and Fraser, K. and Hand, S. and Harris, T. and Ho, A. and Neugebauer, R. and Pratt, I. and Warfield, A.},
 title = {{{X}}en and the art of virtualization},
 journal = {SIGOPS Oper. Syst. Rev.},
 issue_date = {December 2003},
 volume = {37},
 number = {5},
 month = oct,
 year = {2003},
 issn = {0163-5980},
 pages = {164--177},
 numpages = {14},
 url = {http://doi.acm.org/10.1145/1165389.945462},
 doi = {10.1145/1165389.945462},
 acmid = {945462},
 publisher = {ACM},
 address = {New York, NY, USA},
 keywords = {hypervisors, paravirtualization, virtual machine monitors},
} 


@inproceedings{dong2008sr,
  title={{{SR-IOV}} networking in Xen: Architecture, design and implementation},
  author={Dong, Y. and Yu, Z. and Rose, G.},
  booktitle={Proceedings of the First conference on I/O virtualization},
  pages={10--10},
  year={2008},
  organization={USENIX Association}
}

@inproceedings{dong2010high,
  title={High performance network virtualization with {{SR-IOV}}},
  author={Dong, Y. and Yang, X. and Li, X. and Li, J. and Tian, K. and Guan, H.},
  booktitle={IEEE 16th International Symposium on High Performance Computer Architecture  (HPCA)},
  pages={1--10},
  year={2010},
  organization={IEEE}
}

@inproceedings{menon2006optimizing,
  title={Optimizing network virtualization in {{X}}en},
  author={Menon, A. and Cox, A.L. and Zwaenepoel, W.},
  booktitle={Proceedings of the annual conference on USENIX'06 Annual Technical Conference},
  pages={2--2},
  year={2006},
  organization={USENIX Association}
}

@inproceedings{liu2010evaluating,
  title={Evaluating standard-based self-virtualizing devices: A performance study on 10 GbE {{NIC}}s with {{SR-IOV}} support},
  author={Liu, J.},
  booktitle={IEEE International Parallel \& Distributed Processing Symposium (IPDPS)},
  pages={1--12},
  year={2010},
  organization={IEEE}
}


@article{shouraboura2011placement,
  title={Placement of applications in computing clouds using Voronoi diagrams},
  author={Shouraboura, C. and Bleher, P.},
  journal={Journal of Internet Services and Applications},
  pages={1--13},
  year={2011},
  publisher={Springer}
}

@article{Waldspurger:2012:IV:2063176.2063194,
  title={{{I/O}} virtualization},
  author={Waldspurger, C. and Rosenblum, M.},
  journal={Communications of the ACM},
  volume={55},
  number={1},
  pages={66--73},
  year={2012},
  publisher={ACM}
}

@article{Rixner:2008:NVB:1348583.1348592,
 author = {Rixner, S.},
 title = {Network Virtualization: Breaking the Performance Barrier},
 journal = {Queue},
 issue_date = {January/February 2008},
 volume = {6},
 number = {1},
 month = jan,
 year = {2008},
 issn = {1542-7730},
 pages = {37:36--37:ff},
 articleno = {37},
 url = {http://doi.acm.org/10.1145/1348583.1348592},
 doi = {10.1145/1348583.1348592},
 acmid = {1348592},
 publisher = {ACM},
 address = {New York, NY, USA},
} 

@article{calheiros2011cloudsim,
  title={CloudSim: a toolkit for modeling and simulation of cloud computing environments and evaluation of resource provisioning algorithms},
  author={Calheiros, R.N. and Ranjan, R. and Beloglazov, A. and De Rose, C.A.F. and Buyya, R.},
  journal={Software: Practice and Experience},
  volume={41},
  number={1},
  pages={23--50},
  year={2011},
  publisher={Wiley Online Library}
}

@inproceedings{casanova2008simgrid,
  title={SimGrid: a generic framework for large-scale distributed experiments},
  author={Casanova, H. and Legrand, A. and Quinson, M.},
  booktitle={Tenth International Conference on Computer Modeling and Simulation, 2008 (UKSIM 2008) },
  pages={126--131},
  year={2008},
  organization={IEEE}
}

@inproceedings{Santos:2008:BGS:1404014.1404017,
 author = {Santos, J. and Turner, Y. and Janakiraman, G. and Pratt, I.},
 title = {Bridging the gap between software and hardware techniques for {{I/O}} virtualization},
 booktitle = {USENIX 2008 Annual Technical Conference on Annual Technical Conference},
 series = {ATC'08},
 year = {2008},
 location = {Boston, Massachusetts},
 pages = {29--42},
 numpages = {14},
 url = {http://dl.acm.org/citation.cfm?id=1404014.1404017},
 acmid = {1404017},
 publisher = {USENIX Association},
 address = {Berkeley, CA, USA},
}

@InProceedings{shipman07:_inves_infin,
  author =  {Shipman, G. and Brightwell R. and Barrett B. and Squyres J. and Bloch G.},
  title =       {Investigations on InfiniBand: Efficient Network Buffer Utilization at Scale},
  booktitle =   {Proceedings, Euro PVM/MPI},
  year =        2007,
  address =     {Paris, France},
  month =       {October}
}

@inproceedings{oi2009performance,
  title={Performance analysis of large receive offload in a {{X}}en virtualized system},
  author={Oi, H. and Nakajima, F.},
  booktitle={International Conference on Computer Engineering and Technology, 2009 (ICCET'09)},
  volume={1},
  pages={475--480},
  year={2009},
  organization={IEEE}
}

@misc{gro,
    title= {Generic receive offload},
    author={Corbet, J.},
    year={2009},
    howpublished = {\url{http://lwn.net/Articles/358910/}},
    note={Acessado em: 8/8/2013}
}

@misc{xenenv,
    title={{{X}}en Network Environment},
    author={Eastep, T.},
    year={2007},
    howpublished={\url{http://www1.shorewall.net/XenMyWay.html}},
    note={Acessado em: 8/8/2013}}
}

@misc{xenbestpractices,
    title={{{X}}en Best Practices},
    author={Xen},
    year={2012},
    howpublished={\url{http://wiki.xen.org/wiki/Xen_Best_Practices}},
    note={Acessado em: 8/8/2013}}
}


@misc{salesforce,
    title={Application Development with Force.com},
    author={Salesforce},
    year={2012},
    howpublished={\url{http://www.salesforce.com/platform/}},
    note={Acessado em: 8/8/2013}}
}

@misc{cloudexpo,
    title={The Top 150 Players in Cloud Computing},
    author={Geelan, J.},
    year={2009},
    howpublished={\url{http://cloudcomputing.sys-con.com/node/770174}},
    note={Acessado em: 8/8/2013}}
}
@misc{xenguide,
    title={New to {{X}}en Guide},
    author={Spector, S.},
    year={2010},
    howpublished={\url{http://www.xen.org/files/Marketing/NewtoXenGuide.pdf}},
    note={Acessado em: 8/8/2013}}
}
@misc{route,
    title={{{X}}en Networking},
    author={Xen},
    year={2010},
    howpublished={\url{http://wiki.xen.org/wiki/Xen_Networking}},
    note={Acessado em: 8/8/2013}}
}

@misc{SRIOV,
    title={What is {{SR-IOV}}?},
    author={Low, S.},
    year={2009},
    howpublished={\url{http://blog.scottlowe.org/2009/12/02/what-is-sr-iov/}},
    note={Acessado em: 8/8/2013}}
}

@misc{intel_SRIOV,
    title={{{I}}ntel server adapters},
    author={Intel},
    year={2012},
    howpublished={\url{http://www.intel.com/support/network/adapter/pro100/sb/CS-031492.htm}},
    note={Acessado em: 8/8/2013}}
}

@misc{cisco_SRIOV,
    title={{{C}}isco {{UCS}} Virtual Interface Card 1240},
    author={Cisco},
    year={},
    howpublished={\url{http://www.cisco.com/en/US/prod/collateral/modules/ps10277/ps12377/data_sheet_c78-699459.html}},
    note={Acessado em: 8/8/2013}}
}

@misc{intel_interrupt,
    title={Interrupt Moderation, {{I}}ntel GbE Controllers},
    author={Intel},
    year={2007},
    howpublished={\url{http://www.intel.com/content/www/us/en/ethernet-controllers/gbe-controllers-interrupt-moderation-appl-note.html}},
    note={Acessado em: 8/8/2013}}
}

@misc{NAPI,
    title={{{NAPI}} performance - a weighty matter},
    author={Corbet, J.},
    year={2005},
    howpublished={\url{http://lwn.net/Articles/139884/}},
    note={Acessado em: 8/8/2013}}
}

@inproceedings{Liao:2008:STI:1477942.1477971,
 author = {Liao, G. and Guo, D. and Bhuyan, L. and King, S.},
 title = {Software techniques to improve virtualized {{I/O}} performance on multi-core systems},
 booktitle = {Proceedings of the 4th ACM/IEEE Symposium on Architectures for Networking and Communications Systems},
 series = {ANCS '08},
 year = {2008},
 isbn = {978-1-60558-346-4},
 location = {San Jose, California},
 pages = {161--170},
 numpages = {10},
 url = {http://doi.acm.org/10.1145/1477942.1477971},
 doi = {10.1145/1477942.1477971},
 acmid = {1477971},
 publisher = {ACM},
 address = {New York, NY, USA},
 keywords = {10GE, VMM scheduler, Xen, multi-core, virtualization},
} 

@inproceedings{apparao2006characterization,
  title={Characterization of network processing overheads in {{X}}en},
  author={Apparao, P. and Makineni, S. and Newell, D.},
  booktitle={Proceedings of the 2nd international Workshop on Virtualization Technology in Distributed Computing},
  pages={2},
  year={2006},
  organization={IEEE Computer Society}
}

@article{jang2011low,
  title={A low-overhead networking mechanism for virtualized high-performance computing systems},
  author={Jang, J.W. and Seo, E. and Jo, H. and Kim, J.S.},
  journal={The Journal of Supercomputing},
  pages={1--26},
  year={2011},
  publisher={Springer}
}
@misc{ahmadimproving,
  title={Improving Performance with Interrupt Coalescing for Virtual Machine Disk {{I/O}} in {{VM}}ware {{ESX}} Server},
  author={Ahmad, I. and Gulati, A. and Mashtizadeh, A. and Austruy, M.}
}


@inproceedings{fortuna2012improving,
  title={Improving Packet Reception and Forwarding within Virtualized {{X}}en Environments},
  author={Fortuna, T. and Adamczyk, B.},
  booktitle={Computer Networks},
  pages={153--160},
  year={2012},
  publisher={Springer}
}

@inproceedings{dong2011optimizing,
 author = {Dong, Y. and Xu, D. and Zhang, Y. and Liao, G.},
 title = {Optimizing Network {{I/O}} Virtualization with Efficient Interrupt Coalescing and Virtual Receive Side Scaling},
 booktitle = {Proceedings of the 2011 IEEE International Conference on Cluster Computing},
 series = {CLUSTER '11},
 year = {2011},
 isbn = {978-0-7695-4516-5},
 pages = {26--34},
 numpages = {9},
 url = {http://dx.doi.org/10.1109/CLUSTER.2011.12},
 doi = {10.1109/CLUSTER.2011.12},
 acmid = {2065755},
 publisher = {IEEE Computer Society},
 address = {Washington, DC, USA},
 keywords = {Network I/O virtualization, Xen, Interrupt coalescing, Receive side scaling, Multi-core},
} 


@inbook{Corbet:2005:LDD:1209083,
 author = {Corbet, J. and Rubini, A. and Kroah-Hartman, G.},
 title = {{{L}}inux Device Drivers},
 edition={3},
 pages = {497--595},
 year = {2005},
 publisher = {O'Reilly Media}
} 
@article{salah2007coalesce,
  title={To coalesce or not to coalesce},
  author={Salah, K.},
  journal={AEU-International Journal of Electronics and Communications},
  volume={61},
  number={4},
  pages={215--225},
  year={2007},
  publisher={Elsevier}
}
@misc{schmidtanalise,
  title={An{\'a}lise de Desempenho da Virtualiza{\c{c}}{\~a}o de Rede nos Sistemas {{X}}en e {{O}}pen{{VZ}}},
  author={Schmidt, A.H. and Boufleur, M.P. and dos Santos, R.C.M. and Charao, A.S.},
  howpublished={\url{http://www-usr.inf.ufsm.br/~canofre/site/arquivos/2007/errc_07_ap.pdf}},
  note={Acessado em: 8/8/2013}
}

@article{padala2007performance,
  title={Performance evaluation of virtualization technologies for server consolidation},
  author={Padala, P. and Zhu, X. and Wang, Z. and Singhal, S. and Shin, K.G. and others},
  journal={HP Laboratories Technical Report},
  year={2007}
}

@inproceedings{che2010synthetical,
 author = {Che, J. and Shi, C. and Yu, Y. and Lin, W.},
 title = {A Synthetical Performance Evaluation of {{O}}pen{{VZ}}, {{X}}en and {{KVM}}},
 booktitle = {Proceedings of the 2010 IEEE Asia-Pacific Services Computing Conference},
 series = {APSCC '10},
 year = {2010},
 isbn = {978-0-7695-4305-5},
 pages = {587--594},
 numpages = {8},
 url = {http://dx.doi.org/10.1109/APSCC.2010.83},
 doi = {10.1109/APSCC.2010.83},
 acmid = {1956769},
 publisher = {IEEE Computer Society},
 address = {Washington, DC, USA},
 keywords = {virtualization, virtual machine, virtual machine monitor, performance, evaluation},
} 


@misc{james2004performance,
  title={Performance evaluation of {{L}}inux Bridge},
  author={James, T.Y.},
  year={2004},
  howpublished={\url{http://facweb.cti.depaul.edu/jyu/Publications/Yu-Linux-TSM2004.pdf}},
  note={Acessado em: 8/8/2013}
}

@misc{bradner1991rfc,
  title={{{RFC}} 1242--Benchmarking Terminology for Network Interconnection Devices},
  author={Bradner, S.},
  howpublished={\url{http://www.ietf.org/rfc/rfc1242.txt}},
  note={Acessado em: 8/8/2013},  
  year={1991}
}

@misc{bradner1999rfc,
  title={{{RFC}} 2544--Benchmarking Methodology for Network Interconnect Devices},
  author={Bradner, S. and Mcquaid, J.},
  howpublished={\url{http://www.ietf.org/rfc/rfc2544.txt}},
  note={Acessado em: 8/8/2013},
  year={1999}
}

@inproceedings{alkmim2009soluccao,
  title={Uma solu{\c{c}}{\~a}o de baixo custo para a Migra{\c{c}}{\~a}o de M{\'a}quinas Virtuais},
  author={Alkmim, G.P. and Uch{\^o}a, J.Q.},
  booktitle={VIII Workshop em Desempenho de Sistemas Computacionais e de Comunica{\c{c}}{\~a}o, XXIX Congresso da Sociedade Brasileira de Computa{\c{c}}{\~a}o},
  year={2009}
}

@inbook{stallings1986computer,
  title={Computer organization and architecture},
  author={Stallings, W.},
  year={2010},
  edition={8},
  pages={195--232},
  publisher={Pearson Education India}
}

@article{salah2005analysis,
  title={Analysis and simulation of interrupt overhead impact on {{OS}} throughput in high-speed networks},
  author={Salah, K. and El-Badawi, K.},
  journal={International Journal of Communication Systems},
  volume={18},
  number={5},
  pages={501--526},
  year={2005},
  publisher={Wiley Online Library}
}

@misc{amdv,
	author={AMD},
    title= {{{AMD}} Virtualization ({{AMD-V}}) Technology},
    year={2008},
    howpublished= {\url{http://sites.amd.com/us/business/it-solutions/virtualization/Pages/virtualization.aspx}},
    note={Acessado em 8/8/2013}
}

@misc{ixen,
	author={Rami Rosen},
    title= {Introduction to the {{X}}en Virtual Machine},
    year={2005},
    howpublished = {\url{http://www.linuxjournal.com/article/8540}},
    note={Acessado em 8/8/2013}
}

@misc{vtx,
    title= {{{I}}ntel Virtualization Technology: Hardware support for efficient processor virtualization},
    author={Gil Neiger and Amy Santoni and Felix Leung and Dion Rodgers and Rich Uhlig},
    year={2006},
    howpublished = {\url{http://noggin.intel.com/content/intel-virtualization-technology-hardware-support-for-efficient-processor-virtualization}},
    note={Acessado em 8/8/2013}
}

@misc{xen_hist,
    Author={Dunlap, G.},
    title={The Paravirtualization Spectrum},
    year={2012},
    howpublished={\url{http://blog.xen.org/index.php/2012/10/23/the-paravirtualization-spectrum-part-1-the-ends-of-the-spectrum/}},
    note={Acessado em 8/8/2013}
}

@article{salah2009implementation,
  title={Implementation and experimental performance evaluation of a hybrid interrupt-handling scheme},
  author={Salah, K. and Qahtan, A.},
  journal={Computer Communications},
  volume={32},
  number={1},
  pages={179--188},
  year={2009},
  publisher={Elsevier}
}

@misc{intel_placa_de_rede,
    title={{{L}}inux ixgbe* Base Driver overview and installation},
	author={Intel},
    year={2011},
    howpublished={\url{http://www.intel.com/support/network/adapter/pro100/sb/CS-032530.htm}},
    note={Acessado em: 8/8/2013}
}

@misc{softint,
	title={Software interrupts and realtime},
	author={Corbet, J.},
	year={2012},
	howpublished={\url{https://lwn.net/Articles/520076/}},
	note={Acessado em: 8/8/2013}
}